<record><leader>00000cas a22000007a 4500</leader><controlfield tag="001">10012609</controlfield><controlfield tag="008">831014d18441847nyuwr ne      0    0eng d</controlfield><datafield ind1=" " ind2=" " tag="010"><subfield code="a">sn 83031874 </subfield></datafield><datafield ind1=" " ind2=" " tag="040"><subfield code="a">NPU</subfield><subfield code="b">eng</subfield><subfield code="c">NPU</subfield><subfield code="d">NPX</subfield><subfield code="d">DLC</subfield><subfield code="d">NPX</subfield><subfield code="d">NYS</subfield><subfield code="d">OCL</subfield><subfield code="d">CRL</subfield><subfield code="d">OCLCF</subfield><subfield code="d">OCLCO</subfield></datafield><datafield ind1="1" ind2=" " tag="029"><subfield code="a">AU@</subfield><subfield code="b">000020127900</subfield></datafield><datafield ind1=" " ind2=" " tag="042"><subfield code="a">msc</subfield></datafield><datafield ind1="0" ind2="0" tag="050"><subfield code="a">Newspaper 8829-X</subfield></datafield><datafield ind1="0" ind2="0" tag="245"><subfield code="a">Poughkeepsie journal &amp; eagle.</subfield></datafield><datafield ind1="0" ind2="3" tag="246"><subfield code="a">Poughkeepsie journal and eagle</subfield></datafield><datafield ind1="0" ind2="3" tag="246"><subfield code="a">Journal &amp; eagle</subfield></datafield><datafield ind1=" " ind2=" " tag="260"><subfield code="a">Poughkeepsie, N.Y. :</subfield><subfield code="b">Platt &amp; Schram,</subfield><subfield code="c">1844-1847.</subfield></datafield><datafield ind1=" " ind2=" " tag="300"><subfield code="a">4 v. ;</subfield><subfield code="c">70-72 cm.</subfield></datafield><datafield ind1=" " ind2=" " tag="310"><subfield code="a">Weekly</subfield></datafield><datafield ind1="0" ind2=" " tag="362"><subfield code="a">New ser., v. 1, no. 1 (Jan. 6, 1844)-v. 4, no. 208 (Dec. 25, 1847).</subfield></datafield><datafield ind1=" " ind2="0" tag="651"><subfield code="a">Poughkeepsie (N.Y.)</subfield><subfield code="v">Newspapers.</subfield></datafield><datafield ind1=" " ind2="7" tag="655"><subfield code="a">Newspapers.</subfield><subfield code="2">fast</subfield><subfield code="0">(OCoLC)fst01423814</subfield></datafield><datafield ind1=" " ind2="7" tag="651"><subfield code="a">New York (State)</subfield><subfield code="z">Poughkeepsie.</subfield><subfield code="2">fast</subfield><subfield code="0">(OCoLC)fst01214704</subfield></datafield><datafield ind1=" " ind2=" " tag="752"><subfield code="a">United States</subfield><subfield code="b">New York</subfield><subfield code="c">Dutchess</subfield><subfield code="d">Poughkeepsie.</subfield></datafield><datafield ind1="0" ind2="4" tag="780"><subfield code="t">Poughkeepsie journal (Poughkeepsie, N.Y. : 1815)</subfield><subfield code="w">(DLC)sn 83031890</subfield><subfield code="w">(OCoLC)10035310</subfield></datafield><datafield ind1="0" ind2="4" tag="780"><subfield code="t">Poughkeepsie eagle (Poughkeepsie, N.Y. : 1834)</subfield><subfield code="w">(DLC)sn 83031875</subfield><subfield code="w">(OCoLC)10009600</subfield></datafield><datafield ind1="0" ind2="0" tag="785"><subfield code="t">Journal and Poughkeepsie eagle</subfield><subfield code="w">(DLC)sn 83031873</subfield><subfield code="w">(OCoLC)10009689</subfield></datafield></record>